@inproceedings {gg-atc,
author = {Sadjad Fouladi and Francisco Romero and Dan Iter and Qian Li and Shuvo Chatterjee and Christos Kozyrakis and Matei Zaharia and Keith Winstein},
title = {From Laptop to Lambda: Outsourcing Everyday Jobs to Thousands of Transient Functional Containers},
booktitle = {2019 {USENIX} Annual Technical Conference ({USENIX} {ATC} 19)},
year = {2019},
isbn = {978-1-939133-03-8},
address = {Renton, WA},
pages = {475--488},
url = {https://www.usenix.org/conference/atc19/presentation/fouladi},
publisher = {{USENIX} Association},
month = jul,
}

@inproceedings {excamera,
author = {Sadjad Fouladi and Riad S. Wahby and Brennan Shacklett and Karthikeyan Vasuki Balasubramaniam and William Zeng and Rahul Bhalerao and Anirudh Sivaraman and George Porter and Keith Winstein},
title = {Encoding, Fast and Slow: Low-Latency Video Processing Using Thousands of Tiny Threads},
booktitle = {14th {USENIX} Symposium on Networked Systems Design and Implementation ({NSDI} 17)},
year = {2017},
isbn = {978-1-931971-37-9},
address = {Boston, MA},
pages = {363--376},
url = {https://www.usenix.org/conference/nsdi17/technical-sessions/presentation/fouladi},
publisher = {{USENIX} Association},
month = mar,
}

@article{cloudburst,
author = {Sreekanti, Vikram and Wu, Chenggang and Lin, Xiayue Charles and Schleier-Smith, Johann and Gonzalez, Joseph E. and Hellerstein, Joseph M. and Tumanov, Alexey},
title = {Cloudburst: Stateful Functions-as-a-Service},
year = {2020},
issue_date = {August 2020},
publisher = {VLDB Endowment},
volume = {13},
number = {12},
issn = {2150-8097},
url = {https://doi.org/10.14778/3407790.3407836},
doi = {10.14778/3407790.3407836},
journal = {Proc. VLDB Endow.},
month = jul,
pages = {2438–2452},
numpages = {15}
}

@misc{faas-vs-ruby-on-rails,
	title = {{Moving my serverless project to Ruby on Rails}},
	note = "\url{https://frantic.im/back-to-rails}",
	urldate = {11-14-2020},
}

@misc{aws-lambda-with-s3,
	title = {{Using AWS Lambda with Amazon S3}},
	note = "\url{https://docs.aws.amazon.com/lambda/latest/dg/with-s3-example.html}",
	urldate = {1-14-2021},
}

@misc{aws-lambda-invoke-type,
	title = {{Invoke, AWS Lambda}},
	note = "\url{https://docs.aws.amazon.com/lambda/latest/dg/API_Invoke.html#API_Invoke_RequestParameters}",
	urldate = {1-14-2021},
}

@misc{lambda-billing,
	title = {{AWS Lambda Pricing}},
	note = "\url{https://aws.amazon.com/lambda/pricing/}",
	urldate = {1-14-2021},
}

@misc{gcf-billing,
	title = {{Google Cloud Functions Pricing}},
	note = "\url{https://cloud.google.com/functions/pricing}",
	urldate = {1-14-2021},
}

@misc{cloudguru-async-lambda,
	title = {{Save time and money with AWS Lambda using asynchronous programming}},
	note = "\url{https://acloudguru.com/blog/engineering/save-time-and-money-with-aws-lambda-using-asynchronous-programming}",
	urldate = {1-14-2021},
}

@misc{jeremy-daly-lambda-sync-http,
	title = {{Serverless Tip: Don’t overpay when waiting on remote API calls}},
	note = "\url{https://www.jeremydaly.com/serverless-tip-dont-overpay-when-waiting-on-remote-api-calls/}",
	urldate = {1-14-2021},
}

@misc{sensedeep-async-lambda,
	title = {{Invoke HTTP from AWS Lambda without Waiting}},
	note = "\url{https://www.sensedeep.com/blog/posts/stories/lambda-fast-http.html}",
	urldate = {1-14-2021},
}


@misc{aws-step-functions,
	title = {{AWS Step Functions}},
	note = "\url{https://aws.amazon.com/step-functions/}",
	urldate = {1-14-2021},
}

@misc{aws-step-functions-map-state,
	title = {{Map State, AWS Step Functions Developer Guide}},
	note = "\url{https://docs.aws.amazon.com/step-functions/latest/dg/amazon-states-language-map-state.html}",
	urldate = {1-14-2021},
}

@misc{aws-step-functions-dynamic-parallelism,
	title = {{AWS Step Functions adds support for dynamic parallelism in workflows}},
	note = "\url{https://aws.amazon.com/about-aws/whats-new/2019/09/aws-step-functions-adds-support-for-dynamic-parallelism-in-workflows/}",
	urldate = {1-14-2021},
}

@misc{aws-step-functions-parallel-state,
	title = {{Parallel State, AWS Step Functions Developer Guide}},
	note = "\url{https://docs.aws.amazon.com/step-functions/latest/dg/amazon-states-language-parallel-state.html}",
	urldate = {1-14-2021},
}

@misc{excamera-handler-code,
	title = {{handler in libmu}},
	note = "\url{https://github.com/excamera/mu/blob/c58443dbf4066f70dd18568bbc72173750013cee/src/lambdaize/libmu/handler.py#L181}",
	urldate = {1-14-2021},
}

@misc{durable-functions,
	title = {{AZure Durable Functions}},
	note = "\url{https://docs.microsoft.com/en-us/azure/azure-functions/durable/durable-functions-overview?tabs=csharp}",
	urldate = {1-14-2021},
}
